<?xml version="1.0" encoding="UTF-8"?><collection xmlns="http://www.loc.gov/MARC21/slim"><record><leader>00451nam--2200181-u-4500</leader><controlfield tag="001">000052595</controlfield><controlfield tag="002">20161230</controlfield><controlfield tag="005">20161230201050</controlfield><controlfield tag="008">100916s1000------------r-----000-0-rus-d</controlfield><datafield ind1=" " ind2=" " tag="040"><subfield code="a">IFIN-HH</subfield></datafield><datafield ind1=" " ind2=" " tag="041"><subfield code="a">rus</subfield></datafield><datafield ind1=" " ind2=" " tag="080"><subfield code="a">533</subfield></datafield><datafield ind1="1" ind2=" " tag="100"><subfield code="a">Vahgelit, A.F</subfield></datafield><datafield ind1="1" ind2="0" tag="245"><subfield code="a">Lektii po prikladnoi gazovoi dinamike</subfield><subfield code="c">A.F. Vahgelit</subfield></datafield><datafield ind1=" " ind2=" " tag="260"><subfield code="a">Tomsk</subfield><subfield code="b">Tomskogo Universiteta</subfield><subfield code="c">1991</subfield></datafield><datafield ind1=" " ind2=" " tag="300"><subfield code="a">67 p</subfield></datafield><datafield ind1=" " ind2=" " tag="852"><subfield code="a">79955</subfield><subfield code="c">533.7</subfield></datafield><datafield ind1=" " ind2=" " tag="CAT"><subfield code="a">Sys</subfield><subfield code="c">20100916</subfield><subfield code="h">111556</subfield></datafield></record></collection>